@TECHREPORT{triggerTwiki,
    author={LIN,C.H.},
    title={Trigger Logic Design Specification},
    institution={NCU},
    YEAR={2005},
    number={AMS-JT-JLV1-LOGIC-R02c},
    URL={\url{https://ams.cern.ch/AMS/DAQsoft/trigger_logic_v02c.pdf}}
}
